@manual{grosse2013,
	title  = "Fisher Information",
	author = "Roger Grosse",
	url    = "https://web.archive.org/web/20140829105235/https://hips.seas.harvard.edu/blog/2013/04/08/fisher-information/",
	year   = "2013 (accessed September 6, 2017)"
}

@article{duchi2016lecture,
  title={Lecture Notes for Statistics 311/Electrical Engineering 377},
  author={Duchi, John},
  year={2016}
}

@manual{miller2016,
	title  = "Natural Gradients and Stochastic Variational Inference",
	author = "Andrew Miller",
	url    = "http://andymiller.github.io/2016/10/02/natural_gradient_bbvi.html",
	year   = "2016 (accessed September 18, 2017)"
}

@inproceedings{kakade2002,
  title={A Natural Policy Gradient},
  author={Kakade, Sham M},
  booktitle={Advances in Neural Information Processing Systems},
  pages={1531--1538},
  year={2002}
}

@article{peters2008,
  title={Natural Actor-Critic},
  author={Peters, Jan and Schaal, Stefan},
  journal={Neurocomputing},
  volume={71},
  number={7},
  pages={1180--1190},
  year={2008},
  publisher={Elsevier}
}

@article{wu2017,
  title={Scalable Trust-Region Method for Deep Reinforcement Learning using Kronecker-Factored Approximation},
  author={Wu, Yuhuai and Mansimov, Elman and Liao, Shun and Grosse, Roger and Ba, Jimmy},
  journal={arXiv preprint arXiv:1708.05144},
  year={2017}
}

@inproceedings{schulman2015,
  title={Trust Region Policy Optimization},
  author={Schulman, John and Levine, Sergey and Abbeel, Pieter and Jordan, Michael and Moritz, Philipp},
  booktitle={Proceedings of the 32nd International Conference on Machine Learning (ICML-15)},
  pages={1889--1897},
  year={2015}
}

@article{ba2016,
  title={Distributed Second-Order Optimization using Kronecker-Factored Approximations},
  author={Ba, Jimmy and Grosse, Roger and Martens, James},
  year={2016}
}